@string{emnlp = {Proceedings of the Conference on Empirical Methods in Natural Language Processing (EMNLP)}} 
@string{aclconf = {Proceedings of the Annual Conference of the Association for Computational Linguistics (ACL)}} 
@string{neurips = {Proceedings of the Conference on Advances in Neural Information Processing Systems (NeurIPS)}}
@string{iclr = {Proceedings of the International Conference on Learning Representations (ICLR)}},
@string{aaai = {Proceedings of the AAAI Conference on Artificial Intelligence (AAAI)}}
@string{icml = {Proceedings of the International Conference on Machine Learning (ICML)}}
@string{naacl = {Proceedings of the 2018 Conference of the North {A}merican Chapter of the Association for Computational Linguistics: Human Language Technologies (NAACL-HLT)}}

@article{resolution,
author = {Davis, Martin and Putnam, Hilary},
title = {A Computing Procedure for Quantification Theory},
year = {1960},
issue_date = {July 1960},
publisher = {Association for Computing Machinery},
address = {New York, NY, USA},
volume = {7},
number = {3},
issn = {0004-5411},
url = {https://doi.org/10.1145/321033.321034},
doi = {10.1145/321033.321034},
journal = {J. ACM},
month = {jul},
pages = {201â€“215},
numpages = {15}
}


@article{marriage,
author = {Rahmani, Kia and Raza, Mohammad and Gulwani, Sumit and Le, Vu and Morris, Daniel and Radhakrishna, Arjun and Soares, Gustavo and Tiwari, Ashish},
title = {Multi-Modal Program Inference: A Marriage of Pre-Trained Language Models and Component-Based Synthesis},
year = {2021},
issue_date = {October 2021},
publisher = {Association for Computing Machinery},
address = {New York, NY, USA},
volume = {5},
number = {OOPSLA},
url = {https://doi.org/10.1145/3485535},
doi = {10.1145/3485535},
journal = {Proc. ACM Program. Lang.},
month = {oct},
articleno = {158},
numpages = {29},
keywords = {Program Inference, Natural Language Models, GPT-3}
}

@inproceedings{poesia2022synchromesh,
title={Synchromesh: Reliable Code Generation from Pre-trained Language Models},
author={Gabriel Poesia and Alex Polozov and Vu Le and Ashish Tiwari and Gustavo Soares and Christopher Meek and Sumit Gulwani},
booktitle={International Conference on Learning Representations},
year={2022},
url={https://openreview.net/forum?id=KmtVD97J43e}
}


@article{codex,
  author       = {Mark Chen and
                  Jerry Tworek and
                  Heewoo Jun and
                  Qiming Yuan and
                  Henrique Pond{\'{e}} de Oliveira Pinto and
                  Jared Kaplan and
                  Harrison Edwards and
                  Yuri Burda and
                  Nicholas Joseph and
                  Greg Brockman and
                  Alex Ray and
                  Raul Puri and
                  Gretchen Krueger and
                  Michael Petrov and
                  Heidy Khlaaf and
                  Girish Sastry and
                  Pamela Mishkin and
                  Brooke Chan and
                  Scott Gray and
                  Nick Ryder and
                  Mikhail Pavlov and
                  Alethea Power and
                  Lukasz Kaiser and
                  Mohammad Bavarian and
                  Clemens Winter and
                  Philippe Tillet and
                  Felipe Petroski Such and
                  Dave Cummings and
                  Matthias Plappert and
                  Fotios Chantzis and
                  Elizabeth Barnes and
                  Ariel Herbert{-}Voss and
                  William Hebgen Guss and
                  Alex Nichol and
                  Alex Paino and
                  Nikolas Tezak and
                  Jie Tang and
                  Igor Babuschkin and
                  Suchir Balaji and
                  Shantanu Jain and
                  William Saunders and
                  Christopher Hesse and
                  Andrew N. Carr and
                  Jan Leike and
                  Joshua Achiam and
                  Vedant Misra and
                  Evan Morikawa and
                  Alec Radford and
                  Matthew Knight and
                  Miles Brundage and
                  Mira Murati and
                  Katie Mayer and
                  Peter Welinder and
                  Bob McGrew and
                  Dario Amodei and
                  Sam McCandlish and
                  Ilya Sutskever and
                  Wojciech Zaremba},
  title        = {Evaluating Large Language Models Trained on Code},
  journal      = {CoRR},
  volume       = {abs/2107.03374},
  year         = {2021},
  url          = {https://arxiv.org/abs/2107.03374},
  eprinttype    = {arXiv},
  eprint       = {2107.03374},
  timestamp    = {Thu, 09 Feb 2023 14:04:35 +0100},
  biburl       = {https://dblp.org/rec/journals/corr/abs-2107-03374.bib},
  bibsource    = {dblp computer science bibliography, https://dblp.org}
}


@inproceedings{sanh2022multitask,
title={Multitask Prompted Training Enables Zero-Shot Task Generalization},
author={Victor Sanh and Albert Webson and Colin Raffel and Stephen Bach and Lintang Sutawika and Zaid Alyafeai and Antoine Chaffin and Arnaud Stiegler and Arun Raja and Manan Dey and M Saiful Bari and Canwen Xu and Urmish Thakker and Shanya Sharma Sharma and Eliza Szczechla and Taewoon Kim and Gunjan Chhablani and Nihal Nayak and Debajyoti Datta and Jonathan Chang and Mike Tian-Jian Jiang and Han Wang and Matteo Manica and Sheng Shen and Zheng Xin Yong and Harshit Pandey and Rachel Bawden and Thomas Wang and Trishala Neeraj and Jos Rozen and Abheesht Sharma and Andrea Santilli and Thibault Fevry and Jason Alan Fries and Ryan Teehan and Teven Le Scao and Stella Biderman and Leo Gao and Thomas Wolf and Alexander M Rush},
booktitle={International Conference on Learning Representations},
year={2022},
url={https://openreview.net/forum?id=9Vrb9D0WI4}
}

@inproceedings{flan,
title={Finetuned Language Models are Zero-Shot Learners},
author={Jason Wei and Maarten Bosma and Vincent Zhao and Kelvin Guu and Adams Wei Yu and Brian Lester and Nan Du and Andrew M. Dai and Quoc V Le},
booktitle={International Conference on Learning Representations},
year={2022},
url={https://openreview.net/forum?id=gEZrGCozdqR}
}


@inproceedings{recipe,
    title = "A Recipe for Arbitrary Text Style Transfer with Large Language Models",
    author = "Reif, Emily  and
      Ippolito, Daphne  and
      Yuan, Ann  and
      Coenen, Andy  and
      Callison-Burch, Chris  and
      Wei, Jason",
    booktitle = "Proceedings of the 60th Annual Meeting of the Association for Computational Linguistics (Volume 2: Short Papers)",
    month = may,
    year = "2022",
    address = "Dublin, Ireland",
    publisher = "Association for Computational Linguistics",
    url = "https://aclanthology.org/2022.acl-short.94",
    doi = "10.18653/v1/2022.acl-short.94",
    pages = "837--848",
}


@inproceedings{gem,
    title = "The {GEM} Benchmark: Natural Language Generation, its Evaluation and Metrics",
    author = "Gehrmann, Sebastian  and
      Adewumi, Tosin  and
      Aggarwal, Karmanya  and
      Ammanamanchi, Pawan Sasanka  and
      Aremu, Anuoluwapo  and
      Bosselut, Antoine  and
      Chandu, Khyathi Raghavi  and
      Clinciu, Miruna-Adriana  and
      Das, Dipanjan  and
      Dhole, Kaustubh  and
      Du, Wanyu  and
      Durmus, Esin  and
      Du{\v{s}}ek, Ond{\v{r}}ej  and
      Emezue, Chris Chinenye  and
      Gangal, Varun  and
      Garbacea, Cristina  and
      Hashimoto, Tatsunori  and
      Hou, Yufang  and
      Jernite, Yacine  and
      Jhamtani, Harsh  and
      Ji, Yangfeng  and
      Jolly, Shailza  and
      Kale, Mihir  and
      Kumar, Dhruv  and
      Ladhak, Faisal  and
      Madaan, Aman  and
      Maddela, Mounica  and
      Mahajan, Khyati  and
      Mahamood, Saad  and
      Majumder, Bodhisattwa Prasad  and
      Martins, Pedro Henrique  and
      McMillan-Major, Angelina  and
      Mille, Simon  and
      van Miltenburg, Emiel  and
      Nadeem, Moin  and
      Narayan, Shashi  and
      Nikolaev, Vitaly  and
      Niyongabo Rubungo, Andre  and
      Osei, Salomey  and
      Parikh, Ankur  and
      Perez-Beltrachini, Laura  and
      Rao, Niranjan Ramesh  and
      Raunak, Vikas  and
      Rodriguez, Juan Diego  and
      Santhanam, Sashank  and
      Sedoc, Jo{\~a}o  and
      Sellam, Thibault  and
      Shaikh, Samira  and
      Shimorina, Anastasia  and
      Sobrevilla Cabezudo, Marco Antonio  and
      Strobelt, Hendrik  and
      Subramani, Nishant  and
      Xu, Wei  and
      Yang, Diyi  and
      Yerukola, Akhila  and
      Zhou, Jiawei",
    booktitle = "Proceedings of the 1st Workshop on Natural Language Generation, Evaluation, and Metrics (GEM 2021)",
    month = aug,
    year = "2021",
    address = "Online",
    publisher = "Association for Computational Linguistics",
    url = "https://aclanthology.org/2021.gem-1.10",
    doi = "10.18653/v1/2021.gem-1.10",
    pages = "96--120",
}


@article{promptsurvey,
author = {Liu, Pengfei and Yuan, Weizhe and Fu, Jinlan and Jiang, Zhengbao and Hayashi, Hiroaki and Neubig, Graham},
title = {Pre-Train, Prompt, and Predict: A Systematic Survey of Prompting Methods in Natural Language Processing},
year = {2023},
issue_date = {September 2023},
publisher = {Association for Computing Machinery},
address = {New York, NY, USA},
volume = {55},
number = {9},
issn = {0360-0300},
url = {https://doi.org/10.1145/3560815},
doi = {10.1145/3560815},
journal = {ACM Comput. Surv.},
month = {jan},
articleno = {195},
numpages = {35},
keywords = {prompting, Pre-trained language models}
}

@Misc{automaton,
  author =  {Anders M\o{}ller},
  title =   {dk.brics.automaton -- Finite-State Automata
             and Regular Expressions for {Java}},
  note =    {\texttt{http://www.brics.dk/automaton/}},
  year =    2021
} 

@article{theoryofstring,
author = {Liang, Tianyi and Reynolds, Andrew and Tsiskaridze, Nestan and Tinelli, Cesare and Barrett, Clark and Deters, Morgan},
title = {An Efficient SMT Solver for String Constraints},
year = {2016},
issue_date = {June      2016},
publisher = {Kluwer Academic Publishers},
address = {USA},
volume = {48},
number = {3},
issn = {0925-9856},
url = {https://doi.org/10.1007/s10703-016-0247-6},
doi = {10.1007/s10703-016-0247-6},
journal = {Form. Methods Syst. Des.},
month = {jun},
pages = {206â€“234},
numpages = {29},
keywords = {Automated deduction, 03B25, Satisfiability modulo theories, String solving, 03B10, 03B70, 03B20, 03B22, 68Q60}
}

@inproceedings{z3,
author = {De Moura, Leonardo and Bj\o{}rner, Nikolaj},
title = {{Z3: An Efficient SMT Solver}},
year = {2008},
isbn = {3540787992},
publisher = {Springer-Verlag},
address = {Berlin, Heidelberg},
booktitle = {Proceedings of the Theory and Practice of Software, 14th International Conference on Tools and Algorithms for the Construction and Analysis of Systems},
pages = {337â€“340},
numpages = {4},
location = {Budapest, Hungary},
series = {TACAS'08/ETAPS'08}
}

@book{handbook,
  editor       = {Armin Biere and
                  Marijn Heule and
                  Hans van Maaren and
                  Toby Walsh},
  title        = {Handbook of Satisfiability - Second Edition},
  series       = {Frontiers in Artificial Intelligence and Applications},
  volume       = {336},
  publisher    = {{IOS} Press},
  year         = {2021},
  url          = {https://doi.org/10.3233/FAIA336},
  doi          = {10.3233/FAIA336},
  isbn         = {978-1-64368-160-3},
  timestamp    = {Fri, 06 May 2022 08:03:54 +0200},
  biburl       = {https://dblp.org/rec/series/faia/336.bib},
  bibsource    = {dblp computer science bibliography, https://dblp.org}
}

@article{metaopt,
  title={{OPT: Open Pre-trained Transformer Language Models}},
  author={Susan Zhang and Stephen Roller and Naman Goyal and Mikel Artetxe and Moya Chen and Shuohui Chen and Christopher Dewan and Mona Diab and Xian Li and Xi Victoria Lin and Todor Mihaylov and Myle Ott and Sam Shleifer and Kurt Shuster and Daniel Simig and Punit Singh Koura and Anjali Sridhar and Tianlu Wang and Luke Zettlemoyer},
  journal={ArXiv},
  year={2022},
  volume={abs/2205.01068}
}

@inproceedings{zerocot,
  title={Large Language Models are Zero-Shot Reasoners},
  author={Takeshi Kojima and Shixiang Shane Gu and Machel Reid and Yutaka Matsuo and Yusuke Iwasawa},
  booktitle={Advances in Neural Information Processing Systems (NeurIPS)},
  year={2022},
}


@article{scratch,
  title={Show Your Work: Scratchpads for Intermediate Computation with Language Models},
  author={Maxwell Nye and Anders Johan Andreassen and Guy Gur-Ari and Henryk Michalewski and Jacob Austin and David Bieber and David Dohan and Aitor Lewkowycz and Maarten Bosma and David Luan and Charles Sutton and Augustus Odena},
  journal={ArXiv},
  year={2021},
  volume={abs/2112.00114}
}


@InProceedings{chain,
  title={Chain of Thought Prompting Elicits Reasoning in Large Language Models},
  author={Jason Wei and Xuezhi Wang and Dale Schuurmans and Maarten Bosma and Ed Chi and Quoc Le and Denny Zhou},
  booktitle = neurips,
  year={2022},
}

@article{platt1999,
  title={Probabilistic outputs for support vector machines and comparisons to regularized likelihood methods},
  author={Platt, John},
  journal={Advances in large margin classifiers},
  volume={10},
  number={3},
  pages={61--74},
  year={1999},
  publisher={Cambridge, MA}
}


@inproceedings{selectiveqa,
    title = "Selective Question Answering under Domain Shift",
    author = "Kamath, Amita  and
      Jia, Robin  and
      Liang, Percy",
    booktitle = "Proceedings of the Annual Meeting of the Association for Computational Linguistics (ACL)",
    year = "2020",

}






@inproceedings{gpt3,
 author = {Brown, Tom and Mann, Benjamin and Ryder, Nick and Subbiah, Melanie and Kaplan, Jared D and Dhariwal, Prafulla and Neelakantan, Arvind and Shyam, Pranav and Sastry, Girish and Askell, Amanda and Agarwal, Sandhini and Herbert-Voss, Ariel and Krueger, Gretchen and Henighan, Tom and Child, Rewon and Ramesh, Aditya and Ziegler, Daniel and Wu, Jeffrey and Winter, Clemens and Hesse, Chris and Chen, Mark and Sigler, Eric and Litwin, Mateusz and Gray, Scott and Chess, Benjamin and Clark, Jack and Berner, Christopher and McCandlish, Sam and Radford, Alec and Sutskever, Ilya and Amodei, Dario},
 booktitle = neurips,
 title = {Language Models are Few-Shot Learners},
 year = {2020}
}


@inproceedings{zhangeunsol,
    title = "Knowing More About Questions Can Help: Improving Calibration in Question Answering",
    author = "Zhang, Shujian  and
      Gong, Chengyue  and
      Choi, Eunsol",
    booktitle = "Findings of the Annual Conference of the Association for Computational Linguistics (ACL Findings)",
    year = "2021",
}

@inproceedings{garg2021,
    title = {{Will this Question be Answered? Question Filtering via Answer Model Distillation for Efficient Question Answering}},
    author = "Garg, Siddhant  and
      Moschitti, Alessandro",
    booktitle = "Proceedings of the 2021 Conference on Empirical Methods in Natural Language Processing",
    year = "2021",
}



@article{Liu2021WhatMG,
  title={{What Makes Good In-Context Examples for GPT-3?}},
  author={Jiachang Liu and Dinghan Shen and Yizhe Zhang and Bill Dolan and Lawrence Carin and Weizhu Chen},
  journal={ArXiv},
  year={2021},
  volume={abs/2101.06804}
}

@article{roberta,
  title={RoBERTa: A Robustly Optimized BERT Pretraining Approach},
  author={Y. Liu and Myle Ott and Naman Goyal and Jingfei Du and Mandar Joshi and Danqi Chen and Omer Levy and M. Lewis and Luke Zettlemoyer and Veselin Stoyanov},
  journal={ArXiv},
  year={2019},
  volume={abs/1907.11692}
}

@inproceedings{devlinbert,
    title = "{BERT}: Pre-training of Deep Bidirectional Transformers for Language Understanding",
    author = "Devlin, Jacob  and
      Chang, Ming-Wei  and
      Lee, Kenton  and
      Toutanova, Kristina",
    booktitle = "Proceedings of the 2019 Conference of the North {A}merican Chapter of the Association for Computational Linguistics: Human Language Technologies (NAACL-HLT)",
    year = "2019",

}



@article{palm,
  title={{PaLM: Scaling Language Modeling with Pathways}},
  author={Aakanksha Chowdhery and Sharan Narang and Jacob Devlin and Maarten Bosma and Gaurav Mishra and Adam Roberts and Paul Barham and Hyung Won Chung and Charles Sutton and Sebastian Gehrmann and Parker Schuh and Kensen Shi and Sasha Tsvyashchenko and Joshua Maynez and Abhishek Baindoor Rao and Parker Barnes and Yi Tay and Noam M. Shazeer and Vinodkumar Prabhakaran and Emily Reif and Nan Du and Benton C. Hutchinson and Reiner Pope and James Bradbury and Jacob Austin and Michael Isard and Guy Gur-Ari and Pengcheng Yin and Toju Duke and Anselm Levskaya and Sanjay Ghemawat and Sunipa Dev and Henryk Michalewski and Xavier Garc{\'i}a and Vedant Misra and Kevin Robinson and Liam Fedus and Denny Zhou and Daphne Ippolito and David Luan and Hyeontaek Lim and Barret Zoph and Alexander Spiridonov and Ryan Sepassi and David Dohan and Shivani Agrawal and Mark Omernick and Andrew M. Dai and Thanumalayan Sankaranarayana Pillai and Marie Pellat and Aitor Lewkowycz and Erica Oliveira Moreira and Rewon Child and Oleksandr Polozov and Katherine Lee and Zongwei Zhou and Xuezhi Wang and Brennan Saeta and Mark Diaz and Orhan Firat and Michele Catasta and Jason Wei and Kathleen S. Meier-Hellstern and Douglas Eck and Jeff Dean and Slav Petrov and Noah Fiedel},
  journal={ArXiv},
  year={2022},
  volume={abs/2204.02311}
}

@inproceedings{bender2020,
    title = "Climbing towards {NLU}: {On} Meaning, Form, and Understanding in the Age of Data",
    author = "Bender, Emily M.  and
      Koller, Alexander",
    booktitle = aclconf,
    year = "2020",

}

@article{geva2021,
    title = {{Did Aristotle Use a Laptop? A Question Answering Benchmark with Implicit Reasoning Strategies}},
    author = "Geva, Mor  and
      Khashabi, Daniel  and
      Segal, Elad  and
      Khot, Tushar  and
      Roth, Dan  and
      Berant, Jonathan",
    journal = "Transactions of the Association for Computational Linguistics",
    volume = "9",
    year = "2021",
    address = "Cambridge, MA",
    publisher = "MIT Press",
    url = "https://aclanthology.org/2021.tacl-1.21",
    doi = "10.1162/tacl_a_00370",
    pages = "346--361",
}


@inproceedings{Marasovi2021,
  title={Few-Shot Self-Rationalization with Natural Language Prompts},
  author={Ana Marasovi{\'c} and Iz Beltagy and Doug Downey and Matthew E. Peters},
  booktitle = "Findings of the North {A}merican Chapter of the Association for Computational Linguistics (NAACL Findings)",
  year={2022},
}

@article{lampinen2022,
  title={Can language models learn from explanations in context?},
  author={Lampinen, Andrew K and Dasgupta, Ishita and Chan, Stephanie CY and Matthewson, Kory and Tessler, Michael Henry and Creswell, Antonia and McClelland, James L and Wang, Jane X and Hill, Felix},
  journal={arXiv preprint arXiv:2204.02329},
  year={2022}
}

@inproceedings{bender-stochastic,
author = {Bender, Emily M. and Gebru, Timnit and McMillan-Major, Angelina and Shmitchell, Shmargaret},
title = {On the Dangers of Stochastic Parrots: Can Language Models Be Too Big?},
year = {2021},
isbn = {9781450383097},
publisher = {Association for Computing Machinery},
address = {New York, NY, USA},
url = {https://doi.org/10.1145/3442188.3445922},
doi = {10.1145/3442188.3445922},
booktitle = {Proceedings of the 2021 ACM Conference on Fairness, Accountability, and Transparency},
pages = {610â€“623},
numpages = {14},
location = {Virtual Event, Canada},
series = {FAccT '21}
}


@inproceedings{structuredregex,
    title = "Benchmarking Multimodal Regex Synthesis with Complex Structures",
    author = "Ye, Xi  and
      Chen, Qiaochu  and
      Dillig, Isil  and
      Durrett, Greg",
    booktitle = aclconf,
    year = "2020",

}

@article{hila2022,
  title={Demystifying prompts in language models via perplexity estimation},
  author={Gonen, Hila and Iyer, Srini and Blevins, Terra and Smith, Noah A and Zettlemoyer, Luke},
  journal={arXiv preprint arXiv:2212.04037},
  year={2022}
}


@inproceedings{optexpl,
  title = {Explanation Selection Using Unlabeled Data for Chain-of-Thought Prompting},
  author = {Xi Ye and Greg Durrett},
  booktitle = emnlp,
  year = {2023},
}



@inproceedings{pal,
  title={PAL: Program-aided Language Models},
  author={Gao, Luyu and Madaan, Aman and Zhou, Shuyan and Alon, Uri and Liu, Pengfei and Yang, Yiming and Callan, Jamie and Neubig, Graham},
  booktitle= icml,
  year={2023}
}

@article{progcot,
  title = {Program of Thoughts Prompting: Disentangling Computation from Reasoning for Numerical Reasoning Tasks},
  author = {Wenhu Chen and Xueguang Ma and Xinyi Wang and William W. Cohen},
  journal={arXiv preprint arXiv:2211.12588},
  year = {2022},
}


@article{jigsaw,
  title = {Jigsaw: Large Language Models meet Program Synthesis},
  author = {Jain, Naman and Vaidyanath, Skanda and Iyer, Arun and Natarajan, Nagarajan and Parthasarathy, Suresh and Rajamani, Sriram and Sharma, Rahul},
  journal = {ICSE},
  month = may,
  year = {2022},
}


@article{neuralsymlm,
	author = {Demeter, David and Downey, Doug},
	doi = {10.1609/aaai.v34i05.6264},
	journal = {Proceedings of the AAAI Conference on Artificial Intelligence},
	month = {Apr.},
	number = {05},
	pages = {7634-7642},
	title = {Just Add Functions: A Neural-Symbolic Language Model},
	url = {https://ojs.aaai.org/index.php/AAAI/article/view/6264},
	volume = {34},
	year = {2020},
	bdsk-url-1 = {https://ojs.aaai.org/index.php/AAAI/article/view/6264},
	bdsk-url-2 = {https://doi.org/10.1609/aaai.v34i05.6264}}


@article{faithfulcot,
  title={Faithful chain-of-thought reasoning},
  author={Lyu, Qing and Havaldar, Shreya and Stein, Adam and Zhang, Li and Rao, Delip and Wong, Eric and Apidianaki, Marianna and Callison-Burch, Chris},
  journal={arXiv preprint arXiv:2301.13379},
  year={2023}
}

@article{gsm8k,
  title={Training Verifiers to Solve Math Word Problems},
  author={Cobbe, Karl and Kosaraju, Vineet and Bavarian, Mohammad and Chen, Mark and Jun, Heewoo and Kaiser, Lukasz and Plappert, Matthias and Tworek, Jerry and Hilton, Jacob and Nakano, Reiichiro and Hesse, Christopher and Schulman, John},
  journal={arXiv preprint arXiv:2110.14168},
  year={2021}
}

@inproceedings{roy-roth2015,
    title = "Solving General Arithmetic Word Problems",
    author = "Roy, Subhro  and
      Roth, Dan",
    booktitle = "Proceedings of the 2015 Conference on Empirical Methods in Natural Language Processing",
    month = sep,
    year = "2015",
    address = "Lisbon, Portugal",
    publisher = "Association for Computational Linguistics",
    url = "https://aclanthology.org/D15-1202",
    doi = "10.18653/v1/D15-1202",
    pages = "1743--1752",
}


@article{gsmsat,
  title={Solving Math Word Problems by Combining Language Models With Symbolic Solvers},
  author={Joy He-Yueya and Gabriel Poesia and Rose E. Wang and Noah D. Goodman},
  journal={ArXiv},
  year={2023},
  volume={abs/2304.09102}
}

@inproceedings{arlsat,
    title = "Analytical Reasoning of Text",
    author = "Zhong, Wanjun  and
      Wang, Siyuan  and
      Tang, Duyu  and
      Xu, Zenan  and
      Guo, Daya  and
      Chen, Yining  and
      Wang, Jiahai  and
      Yin, Jian  and
      Zhou, Ming  and
      Duan, Nan",
    booktitle = "Findings of the Association for Computational Linguistics: NAACL (NAACL Findings)",
    year = "2022",
}

@inproceedings{clutrr,
    title = "{CLUTRR}: A Diagnostic Benchmark for Inductive Reasoning from Text",
    author = "Sinha, Koustuv  and
      Sodhani, Shagun  and
      Dong, Jin  and
      Pineau, Joelle  and
      Hamilton, William L.",
    booktitle = "Proceedings of the 2019 Conference on Empirical Methods in Natural Language Processing and the 9th International Joint Conference on Natural Language Processing (EMNLP-IJCNLP)",
    month = nov,
    year = "2019",
}


@inproceedings{proofwriter,
    title = "{P}roof{W}riter: Generating Implications, Proofs, and Abductive Statements over Natural Language",
    author = "Tafjord, Oyvind  and
      Dalvi, Bhavana  and
      Clark, Peter",
    booktitle = "Findings of the Association for Computational Linguistics: ACL-IJCNLP (ACL Findings)",
    month = aug,
    year = "2021",
}

@article{bigbenchcot,
  title={Challenging BIG-Bench tasks and whether chain-of-thought can solve them},
  author={Suzgun, Mirac and Scales, Nathan and Sch{\"a}rli, Nathanael and Gehrmann, Sebastian and Tay, Yi and Chung, Hyung Won and Chowdhery, Aakanksha and Le, Quoc V and Chi, Ed H and Zhou, Denny and others},
  journal={arXiv preprint arXiv:2210.09261},
  year={2022}
}


@article{bigbench,
  title={Beyond the Imitation Game: Quantifying and extrapolating the capabilities of language models},
  author={Aarohi Srivastava et al.},
  journal={ArXiv},
  year={2022},
  volume={abs/2206.04615}
}


@article{selectivesetting,
  author  = {Ran El-Yaniv and Yair Wiener},
  title   = {On the Foundations of Noise-free Selective Classification},
  journal = {Journal of Machine Learning Research},
  year    = {2010},
  volume  = {11},
  number  = {53},
  pages   = {1605--1641},
  url     = {http://jmlr.org/papers/v11/el-yaniv10a.html}
}

@article{li2022advance,
  title={On the Advance of Making Language Models Better Reasoners},
  author={Li, Yifei and Lin, Zeqi and Zhang, Shizhuo and Fu, Qiang and Chen, Bei and Lou, Jian-Guang and Chen, Weizhu},
  journal={arXiv preprint arXiv:2206.02336},
  year={2022}
}

@inproceedings{ni2023lever,
  title={{LEVER: Learning to Verify Language-to-Code Generation with Execution}},
  author={Ni, Ansong and Iyer, Srini and Radev, Dragomir and Stoyanov, Ves and Yih, Wen-tau and Wang, Sida I and Lin, Xi Victoria},
  booktitle= icml,
  year={2023}
}


@article{Rae2021ScalingLM,
  title={{Scaling Language Models: Methods, Analysis \& Insights from Training Gopher}},
  author={Jack W. Rae and Sebastian Borgeaud and Trevor Cai and Katie Millican and Jordan Hoffmann and Francis Song and John Aslanides and Sarah Henderson and Roman Ring and Susannah Young and Eliza Rutherford and Tom Hennigan and Jacob Menick and Albin Cassirer and Richard Powell and George van den Driessche and Lisa Anne Hendricks and Maribeth Rauh and Po-Sen Huang and Amelia Glaese and Johannes Welbl and Sumanth Dathathri and Saffron Huang and Jonathan Uesato and John F. J. Mellor and Irina Higgins and Antonia Creswell and Nathan McAleese and Amy Wu and Erich Elsen and Siddhant M. Jayakumar and Elena Buchatskaya and David Budden and Esme Sutherland and Karen Simonyan and Michela Paganini and L. Sifre and Lena Martens and Xiang Lorraine Li and Adhiguna Kuncoro and Aida Nematzadeh and Elena Gribovskaya and Domenic Donato and Angeliki Lazaridou and Arthur Mensch and Jean-Baptiste Lespiau and Maria Tsimpoukelli and N. K. Grigorev and Doug Fritz and Thibault Sottiaux and Mantas Pajarskas and Tobias Pohlen and Zhitao Gong and Daniel Toyama and Cyprien de Masson d'Autume and Yujia Li and Tayfun Terzi and Vladimir Mikulik and Igor Babuschkin and Aidan Clark and Diego de Las Casas and Aurelia Guy and Chris Jones and James Bradbury and Matthew G. Johnson and Blake A. Hechtman and Laura Weidinger and Iason Gabriel and William S. Isaac and Edward Lockhart and Simon Osindero and Laura Rimell and Chris Dyer and Oriol Vinyals and Kareem W. Ayoub and Jeff Stanway and L. L. Bennett and Demis Hassabis and Koray Kavukcuoglu and Geoffrey Irving},
  journal={ArXiv},
  year={2021},
  volume={abs/2112.11446}
}


@inproceedings{instructgpt,
  title={Training language models to follow instructions with human feedback},
  author={Long Ouyang and Jeff Wu and Xu Jiang and Diogo Almeida and Carroll L. Wainwright and Pamela Mishkin and Chong Zhang and Sandhini Agarwal and Katarina Slama and Alex Ray and John Schulman and Jacob Hilton and Fraser Kelton and Luke E. Miller and Maddie Simens and Amanda Askell and Peter Welinder and Paul Francis Christiano and Jan Leike and Ryan J. Lowe},
    booktitle = neurips,
  year={2022},
}


@inproceedings{selfcons,
  title={Self-Consistency Improves Chain of Thought Reasoning in Language Models},
  author={Xuezhi Wang and Jason Wei and Dale Schuurmans and Quoc Le and Ed Huai-hsin Chi and Denny Zhou},
  booktitle= iclr,
  year={2022},
}


@inproceedings{opsynth,
    title = "Optimal Neural Program Synthesis from Multimodal Specifications",
    author = "Ye, Xi  and
      Chen, Qiaochu  and
      Dillig, Isil  and
      Durrett, Greg",
    booktitle = "Findings of the Association for Computational Linguistics: EMNLP (EMNLP Findings)",
    year = "2021",

}


@article{
wei2022emergent,
title={Emergent Abilities of Large Language Models},
author={Jason Wei and Yi Tay and Rishi Bommasani and Colin Raffel and Barret Zoph and Sebastian Borgeaud and Dani Yogatama and Maarten Bosma and Denny Zhou and Donald Metzler and Ed H. Chi and Tatsunori Hashimoto and Oriol Vinyals and Percy Liang and Jeff Dean and William Fedus},
journal={Transactions on Machine Learning Research},
year={2022},
url={https://openreview.net/forum?id=yzkSU5zdwD},
note={Survey Certification}
}


@inproceedings{
wu2022autoformalization,
title={Autoformalization with Large Language Models},
author={Yuhuai Wu and Albert Qiaochu Jiang and Wenda Li and Markus Norman Rabe and Charles E Staats and Mateja Jamnik and Christian Szegedy},
booktitle={Advances in Neural Information Processing Systems},
editor={Alice H. Oh and Alekh Agarwal and Danielle Belgrave and Kyunghyun Cho},
year={2022},
url={https://openreview.net/forum?id=IUikebJ1Bf0}
}

@article{LeasttoMostPE,
  title={Least-to-Most Prompting Enables Complex Reasoning in Large Language Models},
  author={Denny Zhou and Nathanael Scharli and Le Hou and Jason Wei and Nathan Scales and Xuezhi Wang and Dale Schuurmans and Olivier Bousquet and Quoc Le and Ed Chi},
  journal={ArXiv},
  year={2022},
  volume={abs/2205.10625}
}

@inproceedings{khot2022decomposed,
  title={Decomposed prompting: A modular approach for solving complex tasks},
  author={Khot, Tushar and Trivedi, Harsh and Finlayson, Matthew and Fu, Yao and Richardson, Kyle and Clark, Peter and Sabharwal, Ashish},
  booktitle= iclr,
  year={2022}
}


@article{Press2022MeasuringAN,
  title={Measuring and Narrowing the Compositionality Gap in Language Models},
  author={Ofir Press and Muru Zhang and Sewon Min and Ludwig Schmidt and Noah A. Smith and Mike Lewis},
  journal={ArXiv},
  year={2022},
  volume={abs/2210.03350}
}



@inproceedings{jung2022maieutic,
  title={Maieutic Prompting: Logically Consistent Reasoning with Recursive Explanations},
  author={Jung, Jaehun and Qin, Lianhui and Welleck, Sean and Brahman, Faeze and Bhagavatula, Chandra and Bras, Ronan Le and Choi, Yejin},
  booktitle= emnlp,
  year={2022}
}

@inproceedings{fu2022complexity,
  title={Complexity-based prompting for multi-step reasoning},
  author={Fu, Yao and Peng, Hao and Sabharwal, Ashish and Clark, Peter and Khot, Tushar},
  booktitle= iclr,
  year={2022}
}


@inproceedings{
lewkowycz2022solving,
title={Solving Quantitative Reasoning Problems with Language Models},
author={Aitor Lewkowycz and Anders Johan Andreassen and David Dohan and Ethan Dyer and Henryk Michalewski and Vinay Venkatesh Ramasesh and Ambrose Slone and Cem Anil and Imanol Schlag and Theo Gutman-Solo and Yuhuai Wu and Behnam Neyshabur and Guy Gur-Ari and Vedant Misra},
booktitle={Advances in Neural Information Processing Systems},
editor={Alice H. Oh and Alekh Agarwal and Danielle Belgrave and Kyunghyun Cho},
year={2022},
url={https://openreview.net/forum?id=IFXTZERXdM7}
}



@inproceedings{pinto,
  title={PINTO: Faithful Language Reasoning Using Prompt-Generated Rationales},
  author={Wang, Peifeng and Chan, Aaron and Ilievski, Filip and Chen, Muhao and Ren, Xiang},
  booktitle= iclr,  year={2022}
}


@article{li2022explanations,
  title={Explanations from large language models make small reasoners better},
  author={Li, Shiyang and Chen, Jianshu and Shen, Yelong and Chen, Zhiyu and Zhang, Xinlu and Li, Zekun and Wang, Hong and Qian, Jing and Peng, Baolin and Mao, Yi and others},
  journal={arXiv preprint arXiv:2210.06726},
  year={2022}
}

@article{garcez2023neurosymbolic,
  title={{Neurosymbolic AI: The 3rd wave}},
  author={Garcez, Artur dâ€™Avila and Lamb, Luis C},
  journal={Artificial Intelligence Review},
  pages={1--20},
  year={2023},
  publisher={Springer}
}


@article{marcus2020next,
  title={{The next decade in AI: four steps towards robust artificial intelligence}},
  author={Marcus, Gary},
  journal={arXiv preprint arXiv:2002.06177},
  year={2020}
}

@article{toolformer,
  doi = {10.48550/ARXIV.2302.04761},
  
  url = {https://arxiv.org/abs/2302.04761},
  
  author = {Schick, Timo and Dwivedi-Yu, Jane and DessÃ¬, Roberto and Raileanu, Roberta and Lomeli, Maria and Zettlemoyer, Luke and Cancedda, Nicola and Scialom, Thomas},
    
  title = {Toolformer: Language Models Can Teach Themselves to Use Tools},

  journal = {arXiv},
  year = {2023},
}


@inproceedings{yu2023generate,
  title={Generate rather than retrieve: Large language models are strong context generators},
  author={Yu, Wenhao and Iter, Dan and Wang, Shuohang and Xu, Yichong and Ju, Mingxuan and Sanyal, Soumya and Zhu, Chenguang and Zeng, Michael and Jiang, Meng},
  booktitle={International Conference for Learning Representation (ICLR)},
  year={2023}
}


@inproceedings{
creswell2023selectioninference,
title={Selection-Inference: Exploiting Large Language Models for Interpretable Logical Reasoning},
author={Antonia Creswell and Murray Shanahan and Irina Higgins},
booktitle={The Eleventh International Conference on Learning Representations },
year={2023},
url={https://openreview.net/forum?id=3Pf3Wg6o-A4}
}


@inproceedings{
ribeiro2023street,
title={{STREET}: A MULTI-TASK STRUCTURED REASONING AND EXPLANATION BENCHMARK},
author={Danilo Neves Ribeiro and Shen Wang and Xiaofei Ma and Henghui Zhu and Rui Dong and Deguang Kong and Juliette Burger and Anjelica Ramos and zhiheng huang and William Yang Wang and George Karypis and Bing Xiang and Dan Roth},
booktitle={The Eleventh International Conference on Learning Representations },
year={2023},
url={https://openreview.net/forum?id=1C_kSW1-k0}
}


@inproceedings{
saparov2023language,
title={Language Models Are Greedy Reasoners: A Systematic Formal Analysis of Chain-of-Thought},
author={Abulhair Saparov and He He},
booktitle={The Eleventh International Conference on Learning Representations },
year={2023},
url={https://openreview.net/forum?id=qFVVBzXxR2V}
}

@article{Valmeekam2022LargeLM,
  title={{Large Language Models Still Can't Plan (A Benchmark for LLMs on Planning and Reasoning about Change)}},
  author={Karthik Valmeekam and Alberto Olmo and Sarath Sreedharan and Subbarao Kambhampati},
  journal={ArXiv},
  year={2022},
  volume={abs/2206.10498}
}

@inproceedings{
zhang2022improved,
title={Improved Logical Reasoning of Language Models via Differentiable Symbolic Programming},
author={Hanlin Zhang and Ziyang Li and Jiani Huang and Mayur Naik and Eric Xing},
booktitle={First Workshop on Pre-training: Perspectives, Pitfalls, and Paths Forward at ICML 2022},
year={2022},
url={https://openreview.net/forum?id=8lNy3QCaxHX}
}

@article{Liang2022HolisticEO,
  title={Holistic Evaluation of Language Models},
  author={Percy Liang and Rishi Bommasani and Tony Lee and Dimitris Tsipras and Dilara Soylu and Michihiro Yasunaga and Yian Zhang and Deepak Narayanan and Yuhuai Wu and Ananya Kumar and Benjamin Newman and Binhang Yuan and Bobby Yan and Ce Zhang and Christian Cosgrove and Christopher D. Manning and Christopher R'e and Diana Acosta-Navas and Drew A. Hudson and E. Zelikman and Esin Durmus and Faisal Ladhak and Frieda Rong and Hongyu Ren and Huaxiu Yao and Jue Wang and Keshav Santhanam and Laurel J. Orr and Lucia Zheng and Mert Yuksekgonul and Mirac Suzgun and Nathan S. Kim and Neel Guha and Niladri S. Chatterji and Omar Khattab and Peter Henderson and Qian Huang and Ryan Chi and Sang Michael Xie and Shibani Santurkar and Surya Ganguli and Tatsunori Hashimoto and Thomas F. Icard and Tianyi Zhang and Vishrav Chaudhary and William Wang and Xuechen Li and Yifan Mai and Yuhui Zhang and Yuta Koreeda},
  journal={ArXiv},
  year={2022},
  volume={abs/2211.09110}
}


@article{liu2023llmplanner,
  title={{LLM+ P: Empowering Large Language Models with Optimal Planning Proficiency}},
  author={Liu, Bo and Jiang, Yuqian and Zhang, Xiaohan and Liu, Qiang and Zhang, Shiqi and Biswas, Joydeep and Stone, Peter},
  journal={arXiv preprint arXiv:2304.11477},
  year={2023}
}

@article{paul2023refiner,
  title={REFINER: Reasoning Feedback on Intermediate Representations},
  author={Paul, Debjit and Ismayilzada, Mete and Peyrard, Maxime and Borges, Beatriz and Bosselut, Antoine and West, Robert and Faltings, Boi},
  journal={arXiv preprint arXiv:2304.01904},
  year={2023}
}

@article{madaan2023self,
  title={Self-refine: Iterative refinement with self-feedback},
  author={Madaan, Aman and Tandon, Niket and Gupta, Prakhar and Hallinan, Skyler and Gao, Luyu and Wiegreffe, Sarah and Alon, Uri and Dziri, Nouha and Prabhumoye, Shrimai and Yang, Yiming and others},
  journal={arXiv preprint arXiv:2303.17651},
  year={2023}
}

@article{chen2023teaching,
  title={Teaching large language models to self-debug},
  author={Chen, Xinyun and Lin, Maxwell and Sch{\"a}rli, Nathanael and Zhou, Denny},
  journal={arXiv preprint arXiv:2304.05128},
  year={2023}
}

@inproceedings{boardgameqa,
  title={{BoardgameQA: A Dataset for Natural Language Reasoning with Contradictory Information}},
  author={Mehran Kazemi and Quan Yuan and Deepti Bhatia and Najoung Kim and Xin Xu and Vaiva Imbrasaite and Deepak Ramachandran},
  booktitle = neurips,
  year={2023},
}